@article {hu2006,
title={Efficient, High-Quality Force-Directed Graph Drawing},
author={Yifan Hu},
journal={The Mathematica Journal},
volume={10},
number={1},
year={2006},
publisher={Wolfram Media, Inc.}
}


@online{contest2020,
author={graphdrawing.org},
title={Graph Drawing Contest},
year=2019,
url={http://mozart.diei.unipg.it/gdcontest/contest2020/contest.html},
urldate={2020-12-30}
}